%bibfile

@manual{AtMega328P,
	title = "ATmega328P Datasheet",
	organization = "Atmel Corporation",
	key = "7810D–AVR–01/15",
	address = "1600 Technology Drive, San Jose, CA 95110 USA"	
} 
%end of  AtMega328P

@manual{AVR042,
    title = "AVR Hardware Design Considerations"
    key = "25216-AVR-05/06",
    organization = "Atmel Corporation",
    address = "1600 Technology Drive, San Jose, CA 95110 USA"	
}